@article{ar:pippenger,
  author  = {Nicholas Pippenger}, 
  title   = {An Infinite Product for e},
  journal = {The American Mathematical Monthly},
  year    = 1980,
  number  = 5,
  pages   = {291},
  month   = 5,
  volume  = 87
}

@article{ar:euler,
  author  = {Leonhard Euler}, 
  title   = {De fractionibus continuis dissertatio},
  journal = {Commentarii academiae scientiarum Petropolitanae},
  year    = 1744,
  pages   = {98-137},
  volume  = 9
}

@article{ar:brothers_knox,
  author  = {Harlan J. Brothers and John A. Knox}, 
  title   = {New closed-form approximations to the logarithmic constant e},
  journal = {The Mathematical Intelligencer},
  year    = 1998,
  number  = 4,
  pages   = {25-29},
  volume  = 20
}

@book{bk:finch,
  author    = {Steven R. Finch}, 
  title     = {Mathematical Constants},
  publisher = {Cambridge University Press},
  year      = 2003,
  address = {New York, NY, USA}
}

@book{bk:maor,
  author    = {Eli Maor}, 
  title     = {$e$ : the story of a number},
  publisher = {Princeton University Press},
  year      = 2015,
  address = {Princeton, NJ, USA}
}

@book{bk:eymard_lafon,
  author    = {Eymard, Pierre and Lafon, Jean-Pierre}, 
  title     = {The number $\pi$},
  publisher = {American Mathematical Society},
  year      = 2004,
  address = {Providence}
}

@article{ar:brown,
  author  = {Brown, Philip R.}, 
  title   = {Approximations of $e$ and $\pi$: an exploration},
  journal = {International Journal of Mathematical Education in Science and Technology},
  year    = 2017,
  pages   = {S30-S39},
  number  = S1
  volume  = 48
}

@book{bk:iyanaga_kawada,
  author    = {Iyanaga, ShoÌ„kichi and Kawada, Yukiyosi}, 
  title     = {Encyclopedic dictionary of mathematics},
  publisher = {MIT Press},
  year      = 1977,
  address = {Cambridge, MA, USA}
}

@book{bk:savitch,
  author    = {Savitch, Walter}, 
  title     = {Problem solving with C++},
  publisher = {Pearson},
  year      = 2018,
  edition   = 10
  address = {New York, NY, USA}
}